00586cas a22002291a 4500
001 999320943502836
003 Nz
005 20181207171408.0
008 040113d1948uuuunz  r ne      0   0 eng d
035    $a (Nz)8183112
035    $a (NLNZils)932094
035    $a (NLNZils)932094-ilsdb
035    $a (OCoLC)173423163
040    $a WN $c WN
042    $a nznb
043    $a u-nz---
245 00 $a Taita resident.
260    $a [Taita, N.Z. : $b s.n., $c 1948-?]
310    $a Monthly
362 0  $a 1948 Aug.-?
651  0 $a Taita (Lower Hutt, N.Z.) $v Newspapers.
655  7 $a New Zealand newspapers. $2 local $5 Nz
